@inproceedings{kleinjung,
    author = {Kleinjung, Thorsten and Aoki, Kazumaro and Franke, Jens and Lenstra, Arjen K. and Thom{\'e}, Emmanuel and Bos, Joppe W. and Gaudry, Pierrick and Kruppa, Alexander and Montgomery, Peter L. and Osvik, Dag Arne and Te Riele, Herman and Timofeev, Andrey and Zimmermann, Paul},
    title = {Factorization of a 768-bit RSA Modulus},
    booktitle = {Proceedings of the 30th Annual Conference on Advances in Cryptology},
    series = {CRYPTO'10},
    year = {2010},
    isbn = {3-642-14622-8, 978-3-642-14622-0},
    location = {Santa Barbara, CA, USA},
    pages = {333--350},
    url = {http://dl.acm.org/citation.cfm?id=1881412.1881436},
    publisher = {Springer-Verlag},
    address = {Berlin, Heidelberg},
}

