@book{artificial,
 author = {Russell, Stuart J. and Norvig, Peter},
 title = {Artificial Intelligence: A Modern Approach},
 year = {2010},
 isbn = {0136042597},
 edition = {3},
 publisher = {Pearson Education},
}
